@inproceedings{Mota05,
 author = {Hilton Mota, Fl{\'a}vio Vasconcelos, and Rog{\'e}rio da Silva},
 title = {Real-time wavelet transform algorithms for the processing of continuous streams of data},
 booktitle = {Intelligent Signal Processing, 2005 IEEE International Workshop on},
 year = {346--351},
 publisher = {Institute of Electrical and Electronic Engineers},
 address = {Piscataway, NJ, USA},
}

@article{Coupe07,
 author = {Pierrick Coup{\'e}, Pierre Yger, Sylvain Prima, Pierre Hellier, Charles Kervrann, and Christian Barillot},
 title = {An Optimized Blockwise Non Local Means Denoising Filter for 3D Magnetic Resonance Images},
 journal = {IEEE Transactions on Medical Imaging},
 year = {2007},
}

@article{Vishwanath94,
 author = {Mohan Vishwanath},
 title = {The Recursive Pyramid Algorithm for the Discrete Wavelet Transform},
 journal = {IEEE Transactions on Signal Processing, Vol. 42, No. 3},
 year = {1994},
 pages = {673--676},
}

@article{Donoho94,
 author = {David Donoho, Iain Johnstone},
 title = {Ideal spatial adaptation via wavelet shrinkage},
 journal = {Biometrika, Vol 81, No. 3},
 year = {1994},
 pages = {425--455},
}

@article{Gasser86,
 author = {Theo Gasser, Lothar Sroka, Christine Jennen-Stienmetz},
 title = {Residual Variance and Residual Pattern in Nonlinear Regression},
 journal = {Biometrika, Vol 73, No. 3},
 year = {1986},
 pages = {625--633},
}

@article{Kumar12,
 author = {B. K. Shreyamsha Kumar},
 title = {Image denoising based on gaussian/bilateral filter and its method noise thresholding},
 journal = {Signal, Image and Video Processing, Vol 7, Issue 6},
 year = {2012},
 pages = {1159--1172},
}

@article{Zang08,
 author = {Ming Zang, Bahadir Gunturk},
 title = {Multiresolution bilateral Filtering for Image Denoising},
 journal = {IEEE Transactions on Image Processing, Vol 17, No 12},
 year = {2008},
 pages = {2324--2333},
}

@article{Buades05,
 author = {Antoni Buades, Bartomeu Coll, Jean Michel Morel},
 title = {Image denoising based on gaussian/bilateral filter and its method noise thresholding},
 journal = {Multiscale Modeling and Simulation, Vol 4, No 2},
 year = {2005},
 pages = {490--530},
}

@article{Graps95,
 author = {Amara Graps},
 title = {An Introduction to Wavelets},
 journal = {IEEE Computational Science and Engineering, Vol 2, No 2},
 year = {1995},
 pages = {50--61},
}

@article{Duval11,
 author = {Vincent Duval, Jean-Francois Aujol, Yann Gousseau},
 title = {On the parameter choice for the Non-Local Means},
 journal = {SIAM Journal on Imaging Sciences},
 year = {2011},
 pages = {},
}

@article{Galiano13,
 author = {Gonzalo Galiano, Juli{\'a}n Velasco},
 title = {On a non-local spectogram for denoising one-dimensional signals},
 journal = {Computing Research Repository},
 year = {2013},
 pages = {},
}

@article{Tracey12,
 author = {Brian Tracey, Eric Miller},
 title = {Nonlocal mMeans Denoising of ECG Signals},
 journal = {IEEE Transactions on Biomedical Engineering, Vol 59, No 9},
 year = {2012},
 pages = {2383--2386},
}

@article{Zoican10,
 author = {Sorin Zoican},
 title = {Speech De-noising System with Non Local Means Algorithm},
 journal = {SIAM Journal on Imaging Sciences},
 year = {2010},
 pages = {315--318},
}
