@inproceedings{Mota05,
author = {Mota, Hilton and Vasconcelos, Fl{\'a}vio and da Silva, Rog{\'e}rio}, 
booktitle = {Intelligent Signal Processing, 2005 IEEE International Workshop on}, 
title = {Real-time wavelet transform algorithms for the processing of continuous streams of data}, 
year = {2005}, 
month = {Sept}, 
pages = {346-351}, 
}

@article{Coupe07,
 author = {Coup{\'e}, Pierrick and Yger, Pierre and Prima, Sylvain and Hellier, Pierre and Kervrann, Charles and Barillot, Christian},
 title = {An Optimized Blockwise Non Local Means Denoising Filter for 3D Magnetic Resonance Images},
 journal = {IEEE Transactions on Medical Imaging},
 year = {2007},
}

@article{Vishwanath94,
 author = {Vishwanath, Mohan},
 journal = {Signal Processing, IEEE Transactions on}, 
 title = {The recursive pyramid algorithm for the discrete wavelet transform}, 
 year = {1994}, 
 month = {Mar}, 
 volume = {42}, 
 number = {3}, 
 pages = {673-676}, 
}

@article{Donoho94,
 author = {Donoho, David and Johnstone, Iain},
 title = {Ideal spatial adaptation via wavelet shrinkage},
 journal = {Biometrika, Vol 81, No. 3},
 year = {1994},
 pages = {425-455},
}

@article{Gasser86,
 author = {Gasser, Theo and Sroka, Lothar and Christine Jennen-Stienmetz},
 title = {Residual Variance and Residual Pattern in Nonlinear Regression},
 journal = {Biometrika},
 volume = {73},
 number = {3},
 year = {1986},
 pages = {625-633},
}

@article{Kumar12,
year = {2013},
journal = {Signal, Image and Video Processing},
volume = {7},
number = {6},
title = {Image denoising based on gaussian/bilateral filter and its method noise thresholding},
publisher = {Springer London},
author = {Shreyamsha Kumar, B.K.},
pages = {1159-1172},
}

@article{Zang08,
 author = {Zang, Ming and Gunturk, Bahadir},
 journal = {Image Processing, IEEE Transactions on}, 
 title = {Multiresolution Bilateral Filtering for Image Denoising}, 
 year = {2008}, 
 month = {Dec}, 
 volume = {17}, 
 number = {12}, 
 pages = {2324-2333},
}


@article{Buades05,
 author = {Buades, Antoni and Coll, Bartomeu and Jean Michel Morel},
 title = {Image denoising based on gaussian/bilateral filter and its method noise thresholding},
 journal = {Multiscale Modeling and Simulation},
 volume = {4},
 number = {2},
 year = {2005},
 pages = {490-530},
}

@article{Graps95,
author = {Graps, Amara}, 
journal = {Computational Science Engineering, IEEE}, 
title = {An introduction to wavelets}, 
year = {1995}, 
month = {Summer}, 
volume = {2}, 
number = {2}, 
pages = {50-61}, 
}

@article{Duval11,
 author = {Duval, Vincent and Aujol, Jean-Francois and  Gousseau, Yann},
 title = {On the parameter choice for the Non-Local Means},
 journal = {SIAM Journal on Imaging Sciences},
 year = {2011},
 pages = {},
}

@article{Galiano13,
 author = {Casas, Gonzalo Galiano and Valdés, Julián Velasco},
 journal = {CoRR},
 title = {On a non-local spectrogram for denoising one-dimensional signals.},
 year = {2013}
}

@article{Tracey12, 
author = {Tracey, Brian and Miller, Eric}, 
journal = {Biomedical Engineering, IEEE Transactions on}, 
title = {Nonlocal Means Denoising of ECG Signals}, 
year = {2012}, 
month = {Sept}, 
volume = {59}, 
number = {9}, 
pages = {2383-2386},
}

@inproceedings{Zoican10,
 author = {Zoican, Sorin},
 booktitle = {Electronics and Telecommunications (ISETC), 2010 9th International Symposium on}, 
 title = {Speech de-noising system with non local means algorithm}, 
 year = {2010}, 
 month = {Nov}, 
 pages = {315-318}, 
}

@article{Rangarajan02,
 author = {Rangarajan, Raghuram and Venkataramanan, Ramji and K.Singh, Manish},
 title = {Image Denoising Using Wavelets},
 year = {2002},
}